<?xml version="1.0" encoding="UTF-8"?><collection xmlns="http://www.loc.gov/MARC21/slim"><record><leader>00561nam--2200133-i-4500</leader><controlfield tag="001">000012633</controlfield><controlfield tag="002">20161230</controlfield><controlfield tag="005">20161230201029</controlfield><controlfield tag="008">060222s1000------------r-----000-0-eng-d</controlfield><datafield ind1=" " ind2=" " tag="245"><subfield code="a">1976 crystal growth and materials. a selection of review papers presented at the first european conference on crystal growth eccg-1 and materials symposium zurich switzerland, 12-18 sept., 1976</subfield></datafield><datafield ind1=" " ind2=" " tag="260"><subfield code="a">Amsterdam, North-holland Publ.Co., 1977</subfield></datafield><datafield ind1=" " ind2=" " tag="490"><subfield code="a">Current Topics In Materials Science</subfield></datafield><datafield ind1=" " ind2=" " tag="700"><subfield code="a">Kaldis, E.And Scheel, H.J</subfield></datafield><datafield ind1=" " ind2=" " tag="852"><subfield code="a">548.5:532.785:536.425(061.3)(082.1)</subfield></datafield></record></collection>